%%%%%%%%%%%%%%%%%%%%%%%%%
%% B I B   F O R   C H A P T E R   1
%%%%%%%%%%%%%%%%%%%%%%%%%

@article{Dawson:2008jk,
      author         = "Dawson, S.",
      title          = "{Introduction to Electroweak Symmetry Breaking}",
      journal        = "AIP Conf.Proc.",
      volume         = "1116",
      pages          = "11-34",
      doi            = "10.1063/1.3131544",
      year           = "2009",
      eprint         = "0812.2190",
      archivePrefix  = "arXiv",
      primaryClass   = "hep-ph",
      SLACcitation   = "%%CITATION = ARXIV:0812.2190;%%",
}

@misc{Mathematica10_1,
	author    = "{Wolfram Research, Inc.}",
	title     = "{Mathematica}",
	note   = "{Version 10.1}",
	address   = "Champaign, Illinois",
	publisher = "Wolfram Research, Inc.",
	year      = "2015"
}

@Article{StandardModel67_1,
     author    = "Glashow, S. L.",
     title     = "{Partial Symmetries of Weak Interactions}",
     journal   = "Nucl. Phys.",
     volume    = "22",
     year      = "1961",
     pages     = "579-588",
     doi       = "10.1016/0029-5582(61)90469-2",
     SLACcitation  = "%%CITATION = NUPHA,22,579;%%"
}
@Article{StandardModel67_2,
     author    = "Weinberg, Steven",
     title     = "{A Model of Leptons}",
     journal   = "Phys. Rev. Lett.",
     volume    = "19",
     year      = "1967",
     pages     = "1264-1266",
     doi       = "10.1103/PhysRevLett.19.1264",
     SLACcitation  = "%%CITATION = PRLTA,19,1264;%%"
     }
@Article{StandardModel67_3,
     author    = "Salam, Abdus ",
     title     = "{Elementary Particle Physics}",
     journal   = "N. Svartholm ed., Almquvist and Wiksell, Stockholm",
     volume    = "",
     year      = "1968",
     pages     = "",
     doi       = "",
     SLACcitation  = "%%CITATION = PRLTA,19,1264;%%"
     }
@Article{StandardModel67_4,
     author    = "Glashow, S. L. and Iliopoulos, J. and Maiani, L.",
     title     = "{Weak Interactions with Lepton-Hadron Symmetry}",
     journal   = "Phys. Rev.",
     volume    = "D2",
     year      = "1970",
     pages     = "1285-1292",
     doi       = "10.1103/PhysRevD.2.1285",
     SLACcitation  = "%%CITATION = PHRVA,D2,1285;%%"
}

@misc{Hogan:2007jh,
	author = "Hogan, Daniel P.",
	title  = "{The Jayhawk Process}",
	year   = "2007",
	note   = "Design for University of Kansas SPS T-shirts"
}

@misc{SMinfo:2012sm,
	author = "Galbraith, David and Burgard, Carsten",
	title  = "{UX: Standard Model of the Standard Model}",
	year = "2012",
	url = "http://davidgalbraith.org/portfolio/ux-standard-model-of-the-standard-model/",
	note = "{CERN Webfest 2012}"
}

@article{Higgs:1964ia,
      author         = "Higgs, Peter W.",
      title          = "{Broken symmetries, massless particles and gauge fields}",
      journal        = "Phys.Lett.",
      volume         = "12",
      pages          = "132-133",
      doi            = "10.1016/0031-9163(64)91136-9",
      year           = "1964",
}

@article{Higgs:1964pj,
      author         = "Higgs, Peter W.",
      title          = "{Broken Symmetries and the Masses of Gauge Bosons}",
      journal        = "Phys.Rev.Lett.",
      volume         = "13",
      pages          = "508-509",
      doi            = "10.1103/PhysRevLett.13.508",
      year           = "1964",
}

@article{Higgs:1966ev,
      author         = "Higgs, Peter W.",
      title          = "{Spontaneous Symmetry Breakdown without Massless Bosons}",
      journal        = "Phys.Rev.",
      volume         = "145",
      pages          = "1156-1163",
      doi            = "10.1103/PhysRev.145.1156",
      year           = "1966",
}

@article{Englert:1964et,
      author         = "Englert, F. and Brout, R.",
      title          = "{Broken Symmetry and the Mass of Gauge Vector Mesons}",
      journal        = "Phys.Rev.Lett.",
      volume         = "13",
      pages          = "321-322",
      doi            = "10.1103/PhysRevLett.13.321",
      year           = "1964",
}

@article{Guralnik:1964eu,
      author         = "Guralnik, G.S. and Hagen, C.R. and Kibble, T.W.B.",
      title          = "{Global Conservation Laws and Massless Particles}",
      journal        = "Phys.Rev.Lett.",
      volume         = "13",
      pages          = "585-587",
      doi            = "10.1103/PhysRevLett.13.585",
      year           = "1964",
}

@article{Kibble:1967sv,
      author         = "Kibble, T.W.B.",
      title          = "{Symmetry breaking in nonAbelian gauge theories}",
      journal        = "Phys.Rev.",
      volume         = "155",
      pages          = "1554-1561",
      doi            = "10.1103/PhysRev.155.1554",
      year           = "1967",
}	

@inbook{Griffiths9:1987tj,
      author         = "Griffiths, David J.",
      title          = "{Introduction to Elementary Particles}",
      chapter        = "9 Quantum Chromodynamics",
      publisher      = "John Wiley \& Sons, Inc.",
      year           = "1987",
      SLACcitation   = "%%CITATION = INSPIRE-256898;%%",
}

@article{Aaij:2014jqa,
      author         = "Aaij, Roel and others",
      title          = "{Observation of the resonant character of the $Z(4430)^-$
                        state}",
      collaboration  = "LHCb",
      journal        = "Phys.Rev.Lett.",
      number         = "22",
      volume         = "112",
      pages          = "222002",
      doi            = "10.1103/PhysRevLett.112.222002",
      year           = "2014",
      eprint         = "1404.1903",
      archivePrefix  = "arXiv",
      primaryClass   = "hep-ex",
      reportNumber   = "LHCB-PAPER-2014-014, CERN-PH-EP-2014-061",
      SLACcitation   = "%%CITATION = ARXIV:1404.1903;%%",
}

@book{Armstrong:1988,
	author     = "Armstrong, M. A.",
	title          = "{Groups and Symmetry}",
	publisher = "Springer-Verlag",
	year        = "1988",
}

@book{Miller:1972,
	author     = "Miller, W.",
	title          = "{Symmetry Groups and their Applications}",
	publisher = "Academic Press, Inc.",
	year        =  "1972",
}

@book{Tung:1985,
	author = "Tung, W.",
	title     = "{Group Theory in Physics}",
	publisher = "World Scientific Publishing",
	year = "1985",
}

@book{Oliver:1993,
	author = "Oliver, P.",
	title = "{Applications of Lie Groups to Differential Equations}",
	edition = "Second",
	publisher = "Springer-Verlag",
	year = "1993",
}

@book{Schwabl:2002,
	author = "Franz Schwabl",
	title = "{Quantum Mechanics}",
	edition = "Third",
	publisher = "Springer",
	year = 2002,
}

@inbook{Maggiore5.1:2005,
	author = "Maggiore, M.",
	title = "{A Modern Introduction to Quantum Field Theory}",
	publisher = "Oxford University Press",
	year = "2005",
	chapter = "5.1",
}
	
@misc{wiki:Euler,
	author  = "Wikipedia",
	title       = "Euler angles",
	year     = "2015",
	url        = "http://en.wikipedia.org/wiki/Euler\_angles",
	note     = "[Accessed Feb. 9, 2015]",
}

@article{Noether:1918zz,
      author         = "Noether, Emmy",
      title          = "{Invariant Variation Problems}",
      journal        = "Gott.Nachr.",
      volume         = "1918",
      pages          = "235-257",
      doi            = "10.1080/00411457108231446",
      year           = "1918",
      eprint         = "physics/0503066",
      archivePrefix  = "arXiv",
      primaryClass   = "physics",
      SLACcitation   = "%%CITATION = PHYSICS/0503066;%%",
}
